<record><leader>00000cas a22000007a 4500</leader><controlfield tag="001">19743838</controlfield><controlfield tag="008">890520d19221922njuwr ne      0    0eng d</controlfield><datafield ind1=" " ind2=" " tag="010"><subfield code="a">sn 89069108 </subfield></datafield><datafield ind1=" " ind2=" " tag="040"><subfield code="a">NJW</subfield><subfield code="b">eng</subfield><subfield code="c">NJW</subfield><subfield code="d">OCLCQ</subfield></datafield><datafield ind1=" " ind2=" " tag="042"><subfield code="a">msc</subfield></datafield><datafield ind1="0" ind2="0" tag="245"><subfield code="a">Woodbridge independent and Middlesex County gazette.</subfield></datafield><datafield ind1=" " ind2=" " tag="260"><subfield code="a">Woodbridge, N.J. :</subfield><subfield code="b">Middlesex Press,</subfield><subfield code="c">1922.</subfield></datafield><datafield ind1=" " ind2=" " tag="310"><subfield code="a">Weekly</subfield></datafield><datafield ind1="0" ind2=" " tag="362"><subfield code="a">Vol. 14, no. 18 (Feb. 24, 1922)-v. 14, no. 14 (Apr. 7, 1922).</subfield></datafield><datafield ind1=" " ind2=" " tag="752"><subfield code="a">United States</subfield><subfield code="b">New Jersey</subfield><subfield code="c">Middlesex</subfield><subfield code="d">Woodbridge.</subfield></datafield><datafield ind1="0" ind2="0" tag="780"><subfield code="t">Woodbridge independent and the mosquito</subfield><subfield code="w">(DLC)sn 88071391</subfield></datafield><datafield ind1="0" ind2="0" tag="785"><subfield code="t">Woodbridge independent (Woodbridge, N.J. : 1922)</subfield><subfield code="w">(DLC)sn 89069107</subfield></datafield></record>